<record><leader>00000cas a22000007a 4500</leader><controlfield tag="001">14265309</controlfield><controlfield tag="008">860925d19131929txucr ne      0    0eng d</controlfield><datafield ind1=" " ind2=" " tag="010"><subfield code="a">sn 86089143 </subfield></datafield><datafield ind1=" " ind2=" " tag="040"><subfield code="a">PPM</subfield><subfield code="b">eng</subfield><subfield code="c">PPM</subfield><subfield code="d">OCLCQ</subfield></datafield><datafield ind1=" " ind2=" " tag="042"><subfield code="a">msc</subfield></datafield><datafield ind1="0" ind2=" " tag="130"><subfield code="a">Semi-weekly new era (Hallettsville, Tex.)</subfield></datafield><datafield ind1="1" ind2="0" tag="245"><subfield code="a">Semi-weekly new era.</subfield></datafield><datafield ind1="3" ind2="0" tag="246"><subfield code="a">Semiweekly new era</subfield></datafield><datafield ind1=" " ind2=" " tag="260"><subfield code="a">Hallettsville, Tex. :</subfield><subfield code="b">E.R. and A.C. Meitzen</subfield></datafield><datafield ind1=" " ind2=" " tag="300"><subfield code="a">v.</subfield></datafield><datafield ind1=" " ind2=" " tag="310"><subfield code="a">Semiweekly</subfield></datafield><datafield ind1="1" ind2=" " tag="362"><subfield code="a">Began in 1913; ceased in 1929.</subfield></datafield><datafield ind1=" " ind2=" " tag="500"><subfield code="a">Continues numbering of: Hallettsville new era.</subfield></datafield><datafield ind1=" " ind2=" " tag="588"><subfield code="a">Description based on : vol. 25, no. 15 (Apr. 29, 1913).</subfield></datafield><datafield ind1=" " ind2=" " tag="752"><subfield code="a">United States</subfield><subfield code="b">Texas</subfield><subfield code="c">Lavaca</subfield><subfield code="d">Hallettsville.</subfield></datafield><datafield ind1="0" ind2="0" tag="780"><subfield code="t">Hallettsville new era</subfield><subfield code="w">(DLC)sn 86089145</subfield></datafield><datafield ind1="0" ind2="7" tag="785"><subfield code="t">Semi-weekly Halletsville herald</subfield><subfield code="w">(DLC)sn 86064211</subfield></datafield><datafield ind1="0" ind2="7" tag="785"><subfield code="t">Hallettsville semi-weekly new era-herald</subfield><subfield code="w">(DLC)sn 86089142</subfield></datafield></record>